
<marc:record><marc:leader>01796nam a22003255i 4500</marc:leader>
<marc:controlfield tag="001">001160292</marc:controlfield>
<marc:controlfield tag="005">20210714130000.0</marc:controlfield><marc:controlfield tag="006">m     o  d f</marc:controlfield><marc:controlfield tag="007">cr||||</marc:controlfield><marc:controlfield tag="008">210420s1926    dcu     o    f000 0 eng c</marc:controlfield><marc:datafield tag="040" ind1=" " ind2=" "><marc:subfield code="a">GPO</marc:subfield><marc:subfield code="b">eng</marc:subfield><marc:subfield code="e">pn</marc:subfield><marc:subfield code="c">GPO</marc:subfield></marc:datafield><marc:datafield tag="086" ind1="0" ind2=" "><marc:subfield code="a">Y 1.1/2:8579</marc:subfield></marc:datafield><marc:datafield tag="086" ind1="0" ind2=" "><marc:subfield code="a">69-1:H.DOC.228</marc:subfield></marc:datafield><marc:datafield tag="110" ind1="1" ind2=" "><marc:subfield code="a">United States.</marc:subfield><marc:subfield code="b">Congress.</marc:subfield><marc:subfield code="b">House.</marc:subfield><marc:subfield code="b">Committee on Appropriations</marc:subfield></marc:datafield><marc:datafield tag="245" ind1="1" ind2="0"><marc:subfield code="a">Eradication of tuberculosis, Bureau of Animal Industry :</marc:subfield><marc:subfield code="b">communication from the President of the United States transmitting a supplemental estimate of appropriation for the Department of Agriculture, for the eradication of tuberculosis, Bureau of Animal Industry, for the fiscal year ending June 30, 1926, to remain available until June 30, 1927, $ 350,000.</marc:subfield></marc:datafield><marc:datafield tag="264" ind1=" " ind2="1"><marc:subfield code="a">[Washington, D.C.] :</marc:subfield><marc:subfield code="b">[U.S. Government Printing Office],</marc:subfield><marc:subfield code="c">1926.</marc:subfield></marc:datafield><marc:datafield tag="300" ind1=" " ind2=" "><marc:subfield code="a">1 online resource (2 pages).</marc:subfield></marc:datafield><marc:datafield tag="490" ind1="1" ind2=" "><marc:subfield code="a">House document / 69th Congress, 1st session. House ;</marc:subfield><marc:subfield code="v">no. 228</marc:subfield></marc:datafield><marc:datafield tag="490" ind1="1" ind2=" "><marc:subfield code="a">[United States congressional serial set] ;</marc:subfield><marc:subfield code="v">[serial no. 8579]</marc:subfield></marc:datafield><marc:datafield tag="500" ind1=" " ind2=" "><marc:subfield code="a">22-Jan-26.</marc:subfield></marc:datafield><marc:datafield tag="500" ind1=" " ind2=" "><marc:subfield code="a">Batch processed record: Metadata reviewed, not verified. Some fields updated by batch processes.</marc:subfield></marc:datafield><marc:datafield tag="500" ind1=" " ind2=" "><marc:subfield code="a">FDLP item number not assigned.</marc:subfield></marc:datafield><marc:datafield tag="610" ind1="1" ind2="0"><marc:subfield code="a">United States.</marc:subfield><marc:subfield code="b">Bureau of Animal Industry.</marc:subfield></marc:datafield><marc:datafield tag="650" ind1=" " ind2="0"><marc:subfield code="a">Tuberculosis.</marc:subfield></marc:datafield><marc:datafield tag="830" ind1=" " ind2="0"><marc:subfield code="a">House document (United States. Congress. House) ;</marc:subfield><marc:subfield code="v">69th Congress, 1st session, no. 228.</marc:subfield></marc:datafield><marc:datafield tag="830" ind1=" " ind2="0"><marc:subfield code="a">United States congressional serial set ;</marc:subfield><marc:subfield code="v">serial no. 8579.</marc:subfield></marc:datafield><marc:datafield tag="856" ind1="4" ind2="0"><marc:subfield code="u">https://purl.fdlp.gov/GPO/gpo161481</marc:subfield><marc:subfield code="7">0</marc:subfield></marc:datafield><marc:datafield tag="856" ind1="4" ind2=" "><marc:subfield code="z">Address at time of PURL creation</marc:subfield><marc:subfield code="u">https://www.govinfo.gov/content/pkg/SERIALSET-08579_00_00-012-0228-0000/pdf/SERIALSET-08579_00_00-012-0228-0000.pdf</marc:subfield></marc:datafield><marc:datafield tag="922" ind1=" " ind2=" "><marc:subfield code="a">SERIALSETDELIVERY2</marc:subfield></marc:datafield><marc:datafield tag="923" ind1=" " ind2=" "><marc:subfield code="a">SERIALSET-08579_00_00-012-0228-0000</marc:subfield><marc:subfield code="b">08579_00_00</marc:subfield><marc:subfield code="c">012</marc:subfield><marc:subfield code="g">0228</marc:subfield><marc:subfield code="h">0000</marc:subfield></marc:datafield></marc:record>